@article{Takigawa201350,
	title = "Graph mining: procedure, application to drug discovery and recent advances ",
	journal = "Drug Discovery Today ",
	volume = "18",
	number = "1–2",
	pages = "50 - 57",
	year = "2013",
	note = "",
	issn = "1359-6446",
	doi = "http://dx.doi.org/10.1016/j.drudis.2012.07.016",
	url = "http://www.sciencedirect.com/science/article/pii/S1359644612002759",
	author = "Ichigaku Takigawa and Hiroshi Mamitsuka"
}

@article{2016sys,
	author    = {瀧川 一学},
	title     = {多数のグラフからの統計的機械学習.深化する機械学習 技術の進展とその応用特集号},
	journal   = {システム/制御/情報},
	volume    = {60},
	number    = {3},
	pages     = {107--112},
	year      = {2016}
}
@article{gBoost,
	author    = {Hiroto Saigo and
		Sebastian Nowozin and
			Tadashi Kadowaki and
			Taku Kudo and
			Koji Tsuda},
	title     = {gBoost: a mathematical programming approach to graph classification
		and regression},
	journal   = {Machine Learning},
	volume    = {75},
	number    = {1},
	pages     = {69--89},
	year      = {2009},
	url       = {http://dx.doi.org/10.1007/s10994-008-5089-z},
	doi       = {10.1007/s10994-008-5089-z},
	timestamp = {Mon, 14 Dec 2009 14:26:17 +0100},
	biburl    = {http://dblp.uni-trier.de/rec/bib/journals/ml/SaigoNKKT09},
	bibsource = {dblp computer science bibliography, http://dblp.org}
}

@article{lpboost,
	author    = {Ayhan Demiriz and
		Kristin P. Bennett and
			John Shawe{-}Taylor},
	title     = {Linear Programming Boosting via Column Generation},
	journal   = {Machine Learning},
	volume    = {46},
	number    = {1-3},
	pages     = {225--254},
	year      = {2002},
	url       = {http://dx.doi.org/10.1023/A:1012470815092},
	doi       = {10.1023/A:1012470815092},
	timestamp = {Thu, 26 May 2011 15:25:20 +0200},
	biburl    = {http://dblp.uni-trier.de/rec/bib/journals/ml/DemirizBS02},
	bibsource = {dblp computer science bibliography, http://dblp.org}
}

@article{gf,
	author    = {Nikil Wale and
		Ian A. Watson and
			George Karypis},
	title     = {Comparison of descriptor spaces for chemical compound retrieval and
		classification},
	journal   = {Knowl. Inf. Syst.},
	volume    = {14},
	number    = {3},
	pages     = {347--375},
	year      = {2008},
	url       = {http://dx.doi.org/10.1007/s10115-007-0103-5},
	doi       = {10.1007/s10115-007-0103-5},
	timestamp = {Thu, 27 Nov 2008 12:22:45 +0100},
	biburl    = {http://dblp.uni-trier.de/rec/bib/journals/kais/WaleWK08},
	bibsource = {dblp computer science bibliography, http://dblp.org}
}

@proceedings{DBLP:conf/nips/2004,
	title     = {Advances in Neural Information Processing Systems 17 [Neural Information
		Processing Systems, {NIPS} 2004, December 13-18, 2004, Vancouver,
		British Columbia, Canada]},
	year      = {2004},
	url       = {http://papers.nips.cc/book/advances-in-neural-information-processing-systems-17-2004},
	timestamp = {Thu, 11 Dec 2014 17:34:07 +0100},
	biburl    = {http://dblp.uni-trier.de/rec/bib/conf/nips/2004},
	bibsource = {dblp computer science bibliography, http://dblp.org}
}

@proceedings{DBLP:conf/psb/2005,
	editor    = {Russ B. Altman and
		Tiffany A. Jung and
			Teri E. Klein and
			A. Keith Dunker and
			Lawrence Hunter},
	title     = {Biocomputing 2005, Proceedings of the Pacific Symposium, Hawaii, USA,
		4-8 January 2005},
	publisher = {World Scientific},
	year      = {2005},
	isbn      = {981-256-046-7},
	timestamp = {Tue, 31 May 2005 10:57:38 +0200},
	biburl    = {http://dblp.uni-trier.de/rec/bib/conf/psb/2005},
	bibsource = {dblp computer science bibliography, http://dblp.org}
}

@inproceedings{graphkernel,
	author    = {Hisashi Kashima and
		Koji Tsuda and
			Akihiro Inokuchi},
	title     = {Marginalized Kernels Between Labeled Graphs},
	booktitle = {Machine Learning, Proceedings of the Twentieth International Conference
		{(ICML 2003)}, August 21-24, 2003, Washington, DC, {USA}},
	pages     = {321--328},
	year      = {2003},
	crossref  = {DBLP:conf/icml/2003},
	url       = {http://www.aaai.org/Library/ICML/2003/icml03-044.php},
	timestamp = {Thu, 13 Dec 2012 12:01:46 +0100},
	biburl    = {http://dblp.uni-trier.de/rec/bib/conf/icml/KashimaTI03},
	bibsource = {dblp computer science bibliography, http://dblp.org}
}
@article{DBLP:journals/jcisd/RogersH10,
	author    = {David Rogers and
		Mathew Hahn},
	title     = {Extended-Connectivity Fingerprints},
	journal   = {Journal of Chemical Information and Modeling},
	volume    = {50},
	number    = {5},
	pages     = {742--754},
	year      = {2010},
	url       = {http://dx.doi.org/10.1021/ci100050t},
	doi       = {10.1021/ci100050t},
	timestamp = {Mon, 10 Feb 2014 18:42:22 +0100},
	biburl    = {http://dblp.uni-trier.de/rec/bib/journals/jcisd/RogersH10},
	bibsource = {dblp computer science bibliography, http://dblp.org}
}
@inproceedings{fssm,
	author    = {Jun Huan and
		Wei Wang and
			Jan Prins},
	title     = {Efficient Mining of Frequent Subgraphs in the Presence of Isomorphism},
	booktitle = {Proceedings of the 3rd {IEEE} International Conference on Data Mining
		{(ICDM 2003)}, 19-22 December 2003, Melbourne, Florida, {USA}},
	pages     = {549--552},
	year      = {2003},
	crossref  = {DBLP:conf/icdm/2003},
	url       = {http://dx.doi.org/10.1109/ICDM.2003.1250974},
	doi       = {10.1109/ICDM.2003.1250974},
	timestamp = {Wed, 17 Sep 2014 19:34:59 +0200},
	biburl    = {http://dblp.uni-trier.de/rec/bib/conf/icdm/HuanWP03},
	bibsource = {dblp computer science bibliography, http://dblp.org}
}
@inproceedings{fsg,
	author    = {Michihiro Kuramochi and
		George Karypis},
	title     = {Frequent Subgraph Discovery},
	booktitle = {Proceedings of the 2001 {IEEE} International Conference on Data Mining,
		29 November - 2 December 2001, San Jose, California, {USA}},
	pages     = {313--320},
	year      = {2001},
	crossref  = {DBLP:conf/icdm/2001},
	url       = {http://dx.doi.org/10.1109/ICDM.2001.989534},
	doi       = {10.1109/ICDM.2001.989534},
	timestamp = {Wed, 17 Sep 2014 19:35:11 +0200},
	biburl    = {http://dblp.uni-trier.de/rec/bib/conf/icdm/KuramochiK01},
	bibsource = {dblp computer science bibliography, http://dblp.org}
}
@inproceedings{agm1,
	author    = {Akihiro Inokuchi and
		Takashi Washio and
			Hiroshi Motoda},
	title     = {An Apriori-Based Algorithm for Mining Frequent Substructures from
		Graph Data},
	booktitle = {Principles of Data Mining and Knowledge Discovery, 4th European Conference,
		{PKDD} 2000, Lyon, France, September 13-16, 2000, Proceedings},
	pages     = {13--23},
	year      = {2000},
	crossref  = {DBLP:conf/pkdd/2000},
	url       = {http://dx.doi.org/10.1007/3-540-45372-5_2},
	doi       = {10.1007/3-540-45372-5_2},
	timestamp = {Tue, 21 Jun 2011 16:41:56 +0200},
	biburl    = {http://dblp.uni-trier.de/rec/bib/conf/pkdd/InokuchiWM00},
	bibsource = {dblp computer science bibliography, http://dblp.org}
}
@article{agm2,
	author    = {Akihiro Inokuchi and
		Takashi Washio and
			Hiroshi Motoda},
	title     = {Complete Mining of Frequent Patterns from Graphs: Mining Graph Data},
	journal   = {Machine Learning},
	volume    = {50},
	number    = {3},
	pages     = {321--354},
	year      = {2003},
	url       = {http://dx.doi.org/10.1023/A:1021726221443},
	doi       = {10.1023/A:1021726221443},
	timestamp = {Thu, 26 May 2011 15:25:23 +0200},
	biburl    = {http://dblp.uni-trier.de/rec/bib/journals/ml/InokuchiWM03},
	bibsource = {dblp computer science bibliography, http://dblp.org}
}
@inproceedings{gSpan,
	author    = {Xifeng Yan and
		Jiawei Han},
	title     = {gSpan: Graph-Based Substructure Pattern Mining},
	booktitle = {{ICDM}},
	pages     = {721--724},
	publisher = {{IEEE} Computer Society},
	year      = {2002}
}
@inproceedings{gaston,
	author    = {Siegfried Nijssen and
		Joost N. Kok},
	title     = {A quickstart in frequent structure mining can make a difference},
	booktitle = {Proceedings of the Tenth {ACM} {SIGKDD} International Conference on
		Knowledge Discovery and Data Mining, Seattle, Washington, USA, August
			22-25, 2004},
	pages     = {647--652},
	year      = {2004},
	crossref  = {DBLP:conf/kdd/2004},
	url       = {http://doi.acm.org/10.1145/1014052.1014134},
	doi       = {10.1145/1014052.1014134},
	timestamp = {Mon, 13 Feb 2006 15:34:20 +0100},
	biburl    = {http://dblp.uni-trier.de/rec/bib/conf/kdd/NijssenK04},
	bibsource = {dblp computer science bibliography, http://dblp.org}
}

@article{wildcard,
	author    = {Heiko Hofer and
		Christian Borgelt and
			Michael R. Berthold},
	title     = {Large scale mining of molecular fragments with wildcards},
	journal   = {Intell. Data Anal.},
	volume    = {8},
	number    = {5},
	pages     = {495--504},
	year      = {2004},
	url       = {http://content.iospress.com/articles/intelligent-data-analysis/ida00184},
	timestamp = {Mon, 18 May 2015 17:23:33 +0200},
	biburl    = {http://dblp.uni-trier.de/rec/bib/journals/ida/HoferBB04},
	bibsource = {dblp computer science bibliography, http://dblp.org}
}
@inproceedings{ws1,
	author    = {Fei Xie and
		Xindong Wu and
			Xuegang Hu and
			Jun Gao and
			Dan Guo and
			Yulian Fei and
			Ertian Hua},
	title     = {Sequential Pattern Mining with Wildcards},
	booktitle = {22nd {IEEE} International Conference on Tools with Artificial Intelligence,
		{ICTAI} 2010, Arras, France, 27-29 October 2010 - Volume 1},
	pages     = {241--247},
	year      = {2010},
	crossref  = {DBLP:conf/ictai/2010-1},
	url       = {http://dx.doi.org/10.1109/ICTAI.2010.42},
	doi       = {10.1109/ICTAI.2010.42},
	timestamp = {Thu, 18 Dec 2014 16:57:41 +0100},
	biburl    = {http://dblp.uni-trier.de/rec/bib/conf/ictai/XieWHGGFH10},
	bibsource = {dblp computer science bibliography, http://dblp.org}
}
@inproceedings{ws2,
	author    = {Yu He and
		Xindong Wu and
			Xingquan Zhu and
			Abdullah N. Arslan},
	title     = {Mining Frequent Patterns with Wildcards from Biological Sequences},
	booktitle = {Proceedings of the {IEEE} International Conference on Information
		Reuse and Integration, {IRI} 2007, 13-15 August 2007, Las Vegas, Nevada,
		{USA}},
	pages     = {329--334},
	year      = {2007},
	crossref  = {DBLP:conf/iri/2007},
	url       = {http://dx.doi.org/10.1109/IRI.2007.4296642},
	doi       = {10.1109/IRI.2007.4296642},
	timestamp = {Fri, 07 Sep 2007 09:40:13 +0200},
	biburl    = {http://dblp.uni-trier.de/rec/bib/conf/iri/HeWZA07},
	bibsource = {dblp computer science bibliography, http://dblp.org}
}
@article{ws3,
	author    = {Xindong Wu and
		Xingquan Zhu and
			Yu He and
			Abdullah N. Arslan},
	title     = {{PMBC:} Pattern mining from biological sequences with wildcard constraints},
	journal   = {Comp. in Bio. and Med.},
	volume    = {43},
	number    = {5},
	pages     = {481--492},
	year      = {2013},
	url       = {http://dx.doi.org/10.1016/j.compbiomed.2013.02.006},
	doi       = {10.1016/j.compbiomed.2013.02.006},
	timestamp = {Thu, 11 Apr 2013 18:11:02 +0200},
	biburl    = {http://dblp.uni-trier.de/rec/bib/journals/cbm/WuZHA13},
	bibsource = {dblp computer science bibliography, http://dblp.org}
}
@inproceedings{graphgrep,
	author    = {Rosalba Giugno and
		Dennis Shasha},
	title     = {GraphGrep: {A} Fast and Universal Method for Querying Graphs},
	booktitle = {16th International Conference on Pattern Recognition, {ICPR} 2002,
		Quebec, Canada, August 11-15, 2002.},
	pages     = {112--115},
	year      = {2002},
	crossref  = {DBLP:conf/icpr/2002},
	url       = {http://dx.doi.org/10.1109/ICPR.2002.1048250},
	doi       = {10.1109/ICPR.2002.1048250},
	timestamp = {Mon, 06 Oct 2014 17:41:32 +0200},
	biburl    = {http://dblp.uni-trier.de/rec/bib/conf/icpr/GiugnoS02},
	bibsource = {dblp computer science bibliography, http://dblp.org}
}
@article{graphfind,
	author    = {Alfredo Ferro and
		Rosalba Giugno and
			Misael Mongiov{\`{\i}} and
			Alfredo Pulvirenti and
			Dmitry Skripin and
			Dennis Shasha},
	title     = {GraphFind: enhancing graph searching by low support data mining techniques},
	journal   = {{BMC} Bioinformatics},
	volume    = {9},
	number    = {{S-4}},
	year      = {2008},
	url       = {http://dx.doi.org/10.1186/1471-2105-9-S4-S10},
	doi       = {10.1186/1471-2105-9-S4-S10},
	timestamp = {Thu, 02 Jul 2009 10:41:20 +0200},
	biburl    = {http://dblp.uni-trier.de/rec/bib/journals/bmcbi/FerroGMPSS08},
	bibsource = {dblp computer science bibliography, http://dblp.org}
}
@inproceedings{gi,
	author    = {Stephen A. Cook},
	title     = {The Complexity of Theorem-Proving Procedures},
	booktitle = {Proceedings of the 3rd Annual {ACM} Symposium on Theory of Computing,
		May 3-5, 1971, Shaker Heights, Ohio, {USA}},
	pages     = {151--158},
	year      = {1971},
	crossref  = {DBLP:conf/stoc/STOC3},
	url       = {http://doi.acm.org/10.1145/800157.805047},
	doi       = {10.1145/800157.805047},
	timestamp = {Mon, 17 Oct 2011 17:25:06 +0200},
	biburl    = {http://dblp.uni-trier.de/rec/bib/conf/stoc/Cook71},
	bibsource = {dblp computer science bibliography, http://dblp.org}
}
@article{RF,
	author    = {Leo Breiman},
	title     = {Random Forests},
	journal   = {Machine Learning},
	volume    = {45},
	number    = {1},
	pages     = {5--32},
	year      = {2001}
}
@article{ET,
	author="Geurts, Pierre
		and Ernst, Damien
		and Wehenkel, Louis",
	title="Extremely randomized trees",
	journal="Machine Learning",
	year="2006",
	month="Apr",
	day="01",
	volume="63",
	number="1",
	pages="3--42",
	doi="10.1007/s10994-006-6226-1",
	url="https://doi.org/10.1007/s10994-006-6226-1"
}

@article{MCTS,
	author    = {Cameron Browne and
		Edward Jack Powley and
			Daniel Whitehouse and
			Simon M. Lucas and
			Peter I. Cowling and
			Philipp Rohlfshagen and
			Stephen Tavener and
			Diego Perez Liebana and
			Spyridon Samothrakis and
			Simon Colton},
	title     = {A Survey of Monte Carlo Tree Search Methods},
	journal   = {{IEEE} Trans. Comput. Intellig. and {AI} in Games},
	volume    = {4},
	number    = {1},
	pages     = {1--43},
	year      = {2012}
}

@inproceedings{Adaboost,
	author    = {Taku Kudo and
		Eisaku Maeda and
			Yuji Matsumoto},
	title     = {An Application of Boosting to Graph Classification},
	booktitle = {{NIPS}},
	pages     = {729--736},
	year      = {2004}
}

@inproceedings{DBLP:conf/psb/KarklinMH05,
	author    = {Yan Karklin and
		Richard F. Meraz and
			Stephen R. Holbrook},
	title     = {Classification of Non-Coding {RNA} Using Graph Representations of
		Secondary Structure},
	booktitle = {Pacific Symposium on Biocomputing},
	pages     = {5--16},
	publisher = {World Scientific},
	year      = {2005}
}

@article{DBLP:journals/jmlr/ShervashidzeSLMB11,
	author    = {Nino Shervashidze and
		Pascal Schweitzer and
			Erik Jan van Leeuwen and
			Kurt Mehlhorn and
			Karsten M. Borgwardt},
	title     = {Weisfeiler-Lehman Graph Kernels},
	journal   = {Journal of Machine Learning Research},
	volume    = {12},
	pages     = {2539--2561},
	year      = {2011}
}

@article{deltol,
	author    = {Ichigaku Takigawa and
		Hiroshi Mamitsuka},
	title     = {Efficiently mining \emph{{\(\delta\)}}-tolerance closed frequent subgraphs},
	journal   = {Machine Learning},
	volume    = {82},
	number    = {2},
	pages     = {95--121},
	year      = {2011},
	url       = {http://dx.doi.org/10.1007/s10994-010-5215-6},
	doi       = {10.1007/s10994-010-5215-6},
	timestamp = {Tue, 26 Apr 2011 09:51:55 +0200},
	biburl    = {http://dblp.uni-trier.de/rec/bib/journals/ml/TakigawaM11},
	bibsource = {dblp computer science bibliography, http://dblp.org}
}
