@article{james:2004,
  title={Daylight theory manual},
  author={James, C. A. and Weininger and D. and Delany, J.},
  year={2004},
}

@article{durant:2002,
  title={Reoptimization of MDL keys for use in drug discovery},
  author={Durant, Joseph L and Leland, Burton A and Henry, Douglas R and Nourse, James G},
  journal={Journal of chemical information and computer sciences},
  volume={42},
  number={6},
  pages={1273--1280},
  year={2002},
  publisher={ACS Publications}
}

@article{Pearl:1984,
title = {Heuristics: Intelligent search strategies for computer problem solving},
author = {Pearl, J.},
doi = {},
journal = {},
number = {},
volume = {},
place = {United States},
year = {1984},
month = {1}
}

@article{Shirakawa:2018,
  author    = {Ryo Shirakawa and
               Yusei Yokoyama and
               Fumiya Okazaki and
               Ichigaku Takigawa},
  title     = {Jointly learning relevant subgraph patterns and nonlinear models of
               their indicators},
  journal   = {CoRR},
  volume    = {abs/1807.02963},
  year      = {2018},
  url       = {http://arxiv.org/abs/1807.02963},
  archivePrefix = {arXiv},
  eprint    = {1807.02963},
  timestamp = {Mon, 13 Aug 2018 16:46:39 +0200},
  biburl    = {https://dblp.org/rec/bib/journals/corr/abs-1807-02963},
  bibsource = {dblp computer science bibliography, https://dblp.org}
}

@article{Adballah:2012,
  author    = {Abdallah Saffidine and
               Tristan Cazenave and
               Jean M{\'{e}}hat},
  title     = {{UCD} : Upper confidence bound for rooted directed acyclic graphs},
  journal   = {Knowl.-Based Syst.},
  volume    = {34},
  pages     = {26--33},
  year      = {2012},
  url       = {https://doi.org/10.1016/j.knosys.2011.11.014},
  doi       = {10.1016/j.knosys.2011.11.014},
  timestamp = {Sun, 28 May 2017 13:22:15 +0200},
  biburl    = {https://dblp.org/rec/bib/journals/kbs/SaffidineCM12},
  bibsource = {dblp computer science bibliography, https://dblp.org}
}

@inproceedings{Levente:2006,
  author    = {Levente Kocsis and
               Csaba Szepesv{\'{a}}ri},
  title     = {Bandit Based Monte-Carlo Planning},
  booktitle = {Machine Learning: {ECML} 2006, 17th European Conference on Machine
               Learning, Berlin, Germany, September 18-22, 2006, Proceedings},
  pages     = {282--293},
  year      = {2006},
  url       = {https://doi.org/10.1007/11871842\_29},
  doi       = {10.1007/11871842\_29},
  timestamp = {Tue, 14 May 2019 10:00:54 +0200},
  biburl    = {https://dblp.org/rec/bib/conf/ecml/KocsisS06},
  bibsource = {dblp computer science bibliography, https://dblp.org}
}

@inproceedings{Romaric:2010,
  author    = {Romaric Gaudel and
               Mich{\`{e}}le Sebag},
  title     = {Feature Selection as a One-Player Game},
  booktitle = {Proceedings of the 27th International Conference on Machine Learning
               (ICML-10), June 21-24, 2010, Haifa, Israel},
  pages     = {359--366},
  year      = {2010},
  url       = {https://icml.cc/Conferences/2010/papers/247.pdf},
  timestamp = {Wed, 03 Apr 2019 17:43:36 +0200},
  biburl    = {https://dblp.org/rec/bib/conf/icml/GaudelS10},
  bibsource = {dblp computer science bibliography, https://dblp.org}
}

@article{Cameron:2012,
  author    = {Cameron Browne and
               Edward Jack Powley and
               Daniel Whitehouse and
               Simon M. Lucas and
               Peter I. Cowling and
               Philipp Rohlfshagen and
               Stephen Tavener and
               Diego Perez Liebana and
               Spyridon Samothrakis and
               Simon Colton},
  title     = {A Survey of Monte Carlo Tree Search Methods},
  journal   = {{IEEE} Trans. Comput. Intellig. and {AI} in Games},
  volume    = {4},
  number    = {1},
  pages     = {1--43},
  year      = {2012},
  url       = {https://doi.org/10.1109/TCIAIG.2012.2186810},
  doi       = {10.1109/TCIAIG.2012.2186810},
  timestamp = {Tue, 05 Feb 2019 12:34:20 +0100},
  biburl    = {https://dblp.org/rec/bib/journals/tciaig/BrownePWLCRTPSC12},
  bibsource = {dblp computer science bibliography, https://dblp.org}
}

@inproceedings{Fan:2008,
 author = {Fan, Wei and Zhang, Kun and Cheng, Hong and Gao, Jing and Yan, Xifeng and Han, Jiawei and Yu, Philip and Verscheure, Olivier},
 title = {Direct Mining of Discriminative and Essential Frequent Patterns via Model-based Search Tree},
 booktitle = {Proceedings of the 14th ACM SIGKDD International Conference on Knowledge Discovery and Data Mining},
 series = {KDD '08},
 year = {2008},
 isbn = {978-1-60558-193-4},
 location = {Las Vegas, Nevada, USA},
 pages = {230--238},
 numpages = {9},
 url = {http://doi.acm.org/10.1145/1401890.1401922},
 doi = {10.1145/1401890.1401922},
 acmid = {1401922},
 publisher = {ACM},
 address = {New York, NY, USA},
 keywords = {frequent pattern, graph mining, itemsets, scalability},
} 

@Article{Kass:1975,
author="Gordon V. Kass",
title="Significance Testing in Automatic Interaction Detection ({A.I.D.})",
journal="Journal of the Royal Statistical Society. Series C",
year="1975",
volume="24",
number="2",
pages="178--189"
}

@Article{MorganSonquist:1963,
author="James N. Morgan and John A. Sonquist",
title="Problems in the analysis of survey data, and a proposal",
journal="Journal of the American Statistical Association",
year="1963",
volume="58",
number="302",
pages="415--434"
}


@book{breiman84,
  author        = "Leo Breiman and Jerome H. Friedman and Richard A. Olshen and Charles. J. Stone",
  title         = "Classification and Regression Trees",
  year          = "1984",
  publisher     = "Chapman and Hall/CRC",
  address       = "Belmont, California, U.S.A"
}

@Article{Kearnes2016,
author="Kearnes, Steven
and McCloskey, Kevin
and Berndl, Marc
and Pande, Vijay
and Riley, Patrick",
title="Molecular graph convolutions: moving beyond fingerprints",
journal="Journal of Computer-Aided Molecular Design",
year="2016",
month="Aug",
day="01",
volume="30",
number="8",
pages="595--608"
}

@book{Min69,
  address = {Cambridge, MA},
  author = {Marvin L. Minsky and Seymour A. Papert},
  publisher = {MIT Press},
  title = {Perceptrons},
  year = 1969
}

@book{anthony2001,
  title={Discrete Mathematics of Neural Networks: Selected Topics},
  author={Martin Anthony},
  year={2001},
  publisher={Society for Industrial and Applied Mathematics (SIAM)}
}

@inproceedings{nakagawa2016safe,
  title={Safe {P}attern {P}runing: {A}n {E}fficient {A}pproach for {P}redictive {P}attern {M}ining},
  author={Nakagawa, Kazuya and Suzumura, Shinya and Karasuyama, Masayuki and Tsuda, Koji and Takeuchi, Ichiro},
  booktitle={Proceedings of the 22nd ACM SIGKDD International Conference on Knowledge Discovery and Data Mining},
  pages={1785--1794},
  year={2016},
  organization={ACM}
}

@article{nakagawa2015safe,
  title={{S}afe {F}eature {P}runing for {S}parse {H}igh-{O}rder {I}nteraction {M}odels},
  author={Nakagawa, Kazuya and Suzumura, Shinya and Karasuyama, Masayuki and Tsuda, Koji and Takeuchi, Ichiro},
  journal={arXiv preprint arXiv:1506.08002},
  year={2015}
}

@article{terada2013statistical,
  title={Statistical significance of combinatorial regulations},
  author={Terada, Aika and Okada-Hatakeyama, Mariko and Tsuda, Koji and Sese, Jun},
  journal={Proceedings of the National Academy of Sciences},
  volume={110},
  number={32},
  pages={12996--13001},
  year={2013},
  publisher={National Acad Sciences}
}

@inproceedings{sugiyama2015significant,
  title={Significant {S}ubgraph {M}ining with {M}ultiple {T}esting {C}orrection},
  author={Sugiyama, Mahito and L{\'o}pez, Felipe Llinares and Kasenburg, Niklas and Borgwardt, Karsten M},
  booktitle={Proceedings of the 2015 SIAM International Conference on Data Mining},
  pages={37--45},
  year={2015},
  organization={SIAM}
}

@article{Hammer1963,
  title={On the determination of the minima of pseudo-{B}oolean functions},
  author={P.L. Hammer,I. Rosenberg,S. Rudeanu},
  journal={Studii Â¸si cercetari matematice },
  volume={14 },
  number={},
  pages={359-364},
  year={1963},
  publisher={},
  note={in Romanian}
}

@book{hammer1968boolean,
  title={Boolean {M}ethods in {O}perations {R}esearch and {R}elated {A}reas},
  author={Hammer, Peter L and Rudeanu, Sergiu},
  year={1968},
  publisher={Springer}
}

@article{friedman2001greedy,
  title={Greedy {F}unction {A}pproximation: {A} {G}radient {B}oosting {M}achine},
  author={Friedman, Jerome H},
  journal={Annals of statistics},
  pages={1189--1232},
  year={2001},
  publisher={JSTOR}
}

@inproceedings{mason2000boosting,
  title={Boosting {A}lgorithms as {G}radient {D}escent},
  author={Mason, Llew and Baxter, Jonathan and Bartlett, Peter L and Frean, Marcus R},
  booktitle={Advances in neural information processing systems},
  pages={512--518},
  year={2000}
}

@article{johnson2014learning,
  title={Learning {N}onlinear {F}unctions {U}sing {R}egularized {G}reedy {F}orest},
  author={Johnson, Rie and Zhang, Tong},
  journal={IEEE transactions on pattern analysis and machine intelligence},
  volume={36},
  number={5},
  pages={942--954},
  year={2014},
  publisher={IEEE}
}

@inproceedings{fan2016accurate,
  title={Accurate {R}obust and {E}fficient {E}rror {E}stimation for {D}ecision {T}rees},
  author={Fan, Lixin},
  booktitle={International Conference on Machine Learning},
  pages={239--247},
  year={2016}
}

@inproceedings{chen2016xgboost,
  title={{XGB}oost: {A} {S}calable {T}ree {B}oosting {S}ystem},
  author={Chen, Tianqi and Guestrin, Carlos},
  booktitle={Proceedings of the 22nd acm sigkdd international conference on knowledge discovery and data mining},
  pages={785--794},
  year={2016},
  organization={ACM}
}

@article{breiman2001random,
  title={Random {F}orests},
  author={Breiman, Leo},
  journal={Machine Learning},
  volume={45},
  number={1},
  pages={5--32},
  year={2001},
  publisher={Springer}
}

@Article{takigawa:2017,
	author={Ichigaku Takigawa and Hiroshi Mamitsuka}, 
	journal={IEEE Transactions on Pattern Analysis and Machine Intelligence}, 
	title={Generalized Sparse Learning of Linear Models Over the Complete Subgraph Feature Set}, 
	year={2017}, 
	volume={39}, 
	number={3}, 
	pages={617-624}
}

@Article{faber:2017,
	author = 	 {Felix A. Faber and Luke Hutchison and Bing Huang and Justin Gilmer and Samuel S. Schoenholz and George E. Dahl and Oriol Vinyals and Steven Kearnes and Patrick F. Riley and O. Anatole von Lilienfeld},
	title = {Machine learning prediction errors better than {DFT} accuracy},
	journal = {ArXiv e-prints},
	archivePrefix = "arXiv",
	eprint = {1702.05532},
	primaryClass = "physics.chem-ph",
	year = 2017
}

@inproceedings{gilmer:2017,
	author    = {Justin Gilmer and Samuel Schoenholz and Patrick F. Riley and Oriol Vinyals and George Dahl},
	title     = {Neural Message Passing for Quantum Chemistry},
	booktitle = {Proceedings of the 20th International Conference on Machine Learning (ICML)},
	address = {Washington, DC, USA},
	year      = {2017}
}

@Article{kong:12,
	author = 	 {Xiangnan Kong and Philip S. Yu},
	title = 	 {g{MLC}: a multi-label feature selection framework for graph classification},
	journal = 	 {Knowledge and Information Systems},
	year = 	 {2012},
	volume = 	 {31},
	number = 	 {2},
	pages = 	 {281--305}
}


@Article{avis:96,
	author = 	 {David Avis and Komei Fukuda},
	title = 	 {Reserve search for enumeration},
	journal = 	 {Discrete Applied Mathematics},
	year = 	 {1996},
	volume = 	 {65},
	number = 	 {1--3},
	pages = 	 {21--46}
}

@inproceedings{agrawal:94,
	author = 	 {Rakesh Agrawal and Ramakrishnan Srikant},
	title = 	 {Fast algorithms for mining association rules in large databases},
	booktitle = {Proceedings of the 20th International Conference on Very Large Data Bases (VLDB)},
	year      = {1994},
	address = {Santiago, Chile},
	pages     = {487--499}
}

@Article{chow:68,
	author = 	 {C. K. Chow and C. N. Liu},
	title = 	 {Approximating discrete probability distributions with dependence trees},
	journal = 	 {IEEE Transactions on Information Theory},
	year = 	 {1968},
	volume = 	 {IT-14},
	number = 	 {3},
	pages = 	 {462--467}
}

@Book{pearl:88,
	author = 	 {Judea Pearl},
	title = 	 {Probabilistic {R}easoning in {I}ntelligent {S}ystems: 
		{N}etworks of {P}lausible {I}nference},
	publisher = 	 {Morgan Kaufman Publishers},
	year = 	 {1988},
	address = 	 {San Mateo, California, USA}
}

@Article{Rogers:2010,
	author = 	 {David Rogers and Mathew Hahn},
	title = 	 {Extended-connectivity fingerprints},
	journal = 	 {Journal of Chemical Information and Modeling}, 
	year = 	 {2010},
	volume = 	 {50},
	number = 	 {5},
	pages = 	 {742--754}
}

@Article{Wale:2008,
	author = 	 {Nikil Wale and Ian A. Watson and George Karypis},
	title = 	 {Comparison of descriptor spaces for chemical compound retrieval and classification},
	journal = 	 {Knowledge and Information Systems}, 
	year = 	 {2008},
	volume = 	 {14},
	number = 	 {3},
	pages = 	 {347--375}
}

%%journal = 	 {IEEE Transactions on Knowledge and Data Engineering}, 

	@Article{Dashpande:2005,
		author = 	 {Mukund Deshpande and Michihiro Kuramochi and Nikil Wale and George Karypis},
		title = 	 {Frequent substructure-based approaches for classifying chemical compounds},
		journal = 	 IEEE_J_KDE, 
		year = 	 {2005},
		volume = 	 {17},
		number = 	 {8},
		pages = 	 {1036--1050}
	}

@Article{Kuramochi:2004,
	author = 	 {Michihiro Kuramochi and George Karypis},
	title = 	 {An Efficient Algorithm for Discovering Frequent Subgraphs},
	journal = 	 {IEEE Transactions on Knowledge and Data Engineering}, 
	year = 	 {2004},
	volume = 	 {16},
	number = 	 {9},
	pages = 	 {1038--1051}
}

@inproceedings{Kuramochi:2001,
	author    = {Michihiro Kuramochi and George Karypis},
	title     = {Frequent Subgraph Discovery},
	booktitle = {Proceedings of the 2001 First IEEE International Conference on Data Mining (ICDM)},
	year      = {2001},
	address = {San Jose, California, USA},
	pages     = {313--320}
}

@Article{CPDB:2004,
	author = 	 {Christoph Helma and Tobias Cramer and Stefan Kramer and Luc De Raedt},
	title = 	 {Data Mining and Machine Learning Techniques for the Identification of Mutagenicity Inducing Substructures and Structure Activity Relationships of Noncongeneric Compounds},
	journal = 	 {Journal of Chemical Information and Modeling}, 
	year = 	 {2004},
	volume = 	 {44},
	number = 	 {4},
	pages = 	 {1402--1411}
}

@incollection{Warmuth:2007,
	title = {Boosting Algorithms for Maximizing the Soft Margin},
	author = {Manfred Warmuth and Karen Glocer and Gunnar R\"{a}tsch},
	booktitle = {Advances in Neural Information Processing Systems 20},
	editor = {J.C. Platt and D. Koller and Y. Singer and S. Roweis},
	publisher = {MIT Press},
	address = {Cambridge, Massachusetts, USA},
	pages = {1585--1592},
	year = {2008}
}

@inproceedings{Warmuth:2008,
	author = {Manfred K. Warmuth and Karen A. Glocer and S. V. N. Vishwanathan},
	title = {Entropy Regularized {LPBoost}},
	booktitle = {Proceedings of the 19th International Conference on Algorithmic Learning Theory (ALT)},
	pages = {256--271},
	year = {2008},
	address = {Budapest, Hungary}
}

%%%

@article{Friedman:2010,
	author =	"Jerome H. Friedman and Trevor Hastie and Rob Tibshirani",
	title =	"Regularization Paths for Generalized Linear Models via Coordinate Descent",
	journal =	"Journal of Statistical Software",
	volume =	"33",
	number =	"1",
	pages =	"1--22",
	day =  	"2",
	year = 	"2010"
}

@article{Friedman:2007,
	author =	"Jerome H. Friedman and Trevor Hastie and Holger H{\"o}fling and Rob Tibshirani",
	title =	"Pathwise coordinate optimization",
	journal =	"The Annals of Applied Statistics",
	volume =	"1",
	number =	"2",
	pages =	"302--332",
	year = 	"2007"
}

@article{Hashimoto:2008,
	author = {Hashimoto, Kosuke and Takigawa, Ichigaku and Shiga, Motoki and Kanehisa, Minoru and Mamitsuka, Hiroshi},
	journal = {Bioinformatics},
	volume = {24},
	number = {16},
	pages = {i167--i173},
	title = {Mining significant tree patterns in carbohydrate sugar chains},
	year = {2008}
}

@inproceedings{Karklin:2005,
	author    = {Yan Karklin and Richard F. Meraz and Stephen R. Holbrook},
	title     = {Classification of non-coding {RNA} using graph representations of secondary structure},
	booktitle = {Proceedings of the Pacific Symposium on Biocomputing (PSB)},
	address = {Hawaii, USA},
	year      = {2005},
	pages     = {4--15}
}

@inproceedings{Harchaoui:2007,
	author    = {Za\"{i}d Harchaoui and Francis Bach},
	title     = {Image Classification with Segmentation Graph Kernels},
	booktitle = {Proceedings of the IEEE Computer Society Conference on Computer Vision and Pattern Recognition (CVPR)},
	address = {Minneapolis, Minnesota, USA},
	year      = {2007},
	pages     = {1--8}
}

@inproceedings{Nowozin:2007,
	author    = {Sebastian Nowozin and Koji Tsuda and Takeaki Uno and Taku Kudo and G\"{o}khan Bak{\i}r},
	title     = {Weighted substructure mining for image analysis},
	booktitle = {Proceedings of the IEEE Computer Society Conference on Computer Vision and Pattern Recognition (CVPR)},
	address = {Minneapolis, Minnesota, USA},
	year      = {2007},
	pages     = {1--8}
}

@article{Vert:2007,
	author = {Jean-Philippe Vert and Jian Qiu and William S. Noble},
	title = {A new pairwise kernel for biological network inference with support vector machines},
	journal = {BMC Bioinformatics},
	volume = {8},
	number = {Suppl 10},
	pages = {S8},
	year = {2007}
}

@inproceedings{Vert:2006,
	author    = {Jean-Philippe Vert},
	title     = {Classification of Biological Sequences with Kernel Methods},
	booktitle = {Proceedings of The 8th International Colloquium on Grammatical Inference (ICGI)},
	address = {Tokyo, Japan},
	year      = {2006},
	pages     = {7--18}
}

@article{Yamanishi:2007,
	author = {Yoshihiro Yamanishi and Francis Bach and Jean-Philippe Vert},
	title = {Glycan classification with tree kernels},
	journal = {Bioinformatics},
	volume = {23},
	number = {10},
	pages = {1211--1216},
	year = {2007}
}

@article{Hamada:2006,
	author = {Michiaki Hamada and Koji Tsuda and Taku Kudo and Taishin Kin and Kiyoshi Asai},
	journal = {Bioinformatics},
	number = {20},
	pages = {2480--2487},
	pmid = {16908501},
	title = {Mining frequent stem patterns from unaligned {RNA} sequences},
	volume = {22},
	year = {2006}
}

@article{Borgwardt:2005,
	author = {Borgwardt, Karsten M. and Ong, Cheng Soon and Sch\"{o}nauer, Stefan and Vishwanathan, S. V. N. and Smola, Alex J. and Kriegel, Hans-Peter},
	title = {Protein Function Prediction via Graph Kernels},
	journal = {Bioinformatics},
	issue_date = {January 2005},
	volume = {21},
	number = {1},
	year = {2005},
	pages = {i47--i56},
	numpages = {10},
	acmid = {1093315},
	publisher = {Oxford University Press},
	address = {Oxford, UK},
} 

@article{Vishwanathan:2010,
	author = {S. V. N. Vishwanathan and Nicol N. Schraudolph
		and Risi Kondor and Karsten M. Borgwardt},
	title = {Graph Kernels},
	pages = {1201--1242},
	journal =  {Journal of Machine Learning Research},
	volume =  11,
	year =  2010
}

@inproceedings{Kashima:2003,
	author    = {Hisashi Kashima and
		Koji Tsuda and
			Akihiro Inokuchi},
	title     = {Marginalized Kernels Between Labeled Graphs},
	booktitle = {Proceedings of the 20th International Conference on Machine Learning (ICML)},
	address = {Washington, DC, USA},
	year      = {2003},
	pages     = {321-328}
}

@inproceedings{Gartner:2003,
	author    = {Thomas G{\"a}rtner and
		Peter A. Flach and
			Stefan Wrobel},
	title     = {On Graph Kernels: Hardness Results and Efficient Alternatives},
	booktitle = {Proceedings of the 16th Annual Conference on Computational Learning Theory (COLT) and 7th Kernel Workshop},
	address = {},
	year      = {2003},
	pages     = {129-143}
}

@techreport{Haussler:1999,
	title = {Convolution Kernels on Discrete Structures},
	author = {Haussler, David},
	institution = {University of California at Santa Cruz},
	address = {Santa Cruz, California, USA},
	number = {UCS-CRL-99-10},
	type = {Technical Report},
	year = 1999,
	pages={1-38}
}

@article{Frohlich:2006, 
	author={Holger Fr\"{o}hlich and J\"{o}rg K. Wegner and Florian Sieker and Andreas Zell}, 
		title={Kernel Functions for Attributed Molecular Graphs---A New Similarity Based Approach To {ADME} Prediction in Classification and Regression}, 
	volume={25}, 
	number={4}, 
	journal={QSAR \& Combinatorial Science}, 
	year={2006},
	pages={317--326}
}

@article{Ralaivola:2005,
	author={Liva Ralaivola and Sanjay J. Swamidass and Hiroto Saigo and Pierre Baldi}, 
	title={Graph kernels for chemical informatics}, 
	volume={18}, 
	number={8}, 
	journal={Neural Networks}, 
	year={2005},
	pages={1093--1110}
}

@article{Mahe:2009, 
	author={Pierre Mah\'{e} and Jean-Philippe Vert}, 
	title={Graph kernels based on tree patterns for molecules}, 
	volume={75}, 
	number={1}, 
	journal={Machine Learning}, 
	year={2009},
	pages={3--35
	}
}

@article{Mahe:2006, 
	author={Pierre Mah\'{e} and Liva Ralaivola and V\'{e}ronique Stoven and Jean-Philippe Vert}, 
	title={The pharmacophore kernel for virtual screening with support vector machines}, 
	volume={46}, 
	number={5}, 
	journal={Journal of Chemical Information and Modeling}, 
	year={2006},
	pages={2003--2014}
}

@article{Mahe:2005, 
	author={Pierre Mah\'{e} and Nobuhisa Ueda and Tatsuya Akutsu and Jean-Luc Perret and Jean-Philippe Vert}, 
	title={Graph kernels for molecular structure-activity relationship analysis with support vector machines}, 
	volume={45}, 
	number={4}, 
	journal={Journal of Chemical Information and Modeling}, 
	year={2005},
	pages={939--951}
}

@article{Shrvashidze:2011,
	author = {Nino Shervashidze and Pascal Schweitzer and Erik Jan van Leeuwen and Kurt Mehlhorn and Karsten M. Borgwardt},
	title = {Weisfeiler-{L}ehman {G}raph {K}ernels},
	journal = {Journal of Machine Learning Research},
	volume = {12},
	number = {Sep},
	pages = {2539--2561},
	year = {2011}
}

@inproceedings{Kondor:2008,
	author    = {Risi Kondor and Karsten M. Borgwardt},
	title     = {The skew spectrum of graphs},
	booktitle = {Proceedings of the 25th International Conference on Machine Learning (ICML)},
	address = {Helsinki, Finland},
	year      = {2008},
	pages     = {496--503}
}

@inproceedings{Kondor:2009,
	author    = {Risi Kondor and Nino Shervashidze and Karsten M. Borgwardt},
	title     = {The graphlet spectrum},
	booktitle = {Proceedings of the 26th International Conference on Machine Learning (ICML)},
	address = {Montreal, Quebec, Canada},
	year      = {2009},
	pages     = {529--536}
}


@incollection{Bach:2011a,
	author	= "Francis Bach and Rodolphe Jenatton and Julien Mairal and Guillaume Obozinski",
	title	= "Convex Optimization with Sparsity-Inducing Norms",
	booktitle = "Optimization for Machine Learning",
	editor	= "S. Sra and S. Nowozin and S. J. Wright",
	year	= "2011",
	address = "Cambridge, MA",
	publisher ="MIT Press",
	pages	="to appear"
}

@article{Bach:2011b,
	author	= "Francis Bach and Rodolphe Jenatton and Julien Mairal and Guillaume Obozinski",
	title	= "Optimization with Sparsity-Inducing Penalties",
	journal = "Foundations and Trends in Machine Learning",
	volume = {4},
	number = {1},
	year	= "2011",
	pages	={1--106}
}


@article{duVerle:2013,
	author	= "David A. duVerle and Ichiro Takeuchi and Yuko Murakami-Tonami and Kenji Kadomatsu and Koji Tsuda",
	title	= "Discovering combinatorial interactions in survival data",
	journal = "Bioinformatics",
	volume = {29},
	number = {23},
	year	= "2013",
	pages	={3053--3059}
}

@article{Park:2007,
	author	= "Mee Young Park and Trevor Hastie",
	title	= "L1 regularization path algorithm for generalized linear models",
	journal = "Journal of the Royal Statistical Society: Series B",
	volume = {69},
	number = {4},
	year	= "2007",
	pages	={659--677}
}


@incollection{Morishita:2002,
	author = {Morishita, Shinichi},
	title = {Computing Optimal Hypotheses Efficiently for Boosting},
	booktitle = {Progress in Discovery Science, Final Report of the Japanese Discovery Science Project},
	editor	= "Setsuo Arikawa and Ayumi Shinohara",
	year = {2002},
	publisher = {Springer},
	series    = {Lecture Notes in Computer Science},
	volume    = {2281},
	pages = {471--481},
	numpages = {11}
}

@inproceedings{Morishita:2000,
	author = {Morishita, Shinichi and Sese, Jun},
	title = {Transversing itemset lattices with statistical metric pruning},
	booktitle = {Proceedings of the nineteenth ACM SIGMOD-SIGACT-SIGART symposium on Principles of database systems (PODS)},
	address = {Dallas, Texas, USA},
	year = {2000},
	pages = {226--236},
	numpages = {11}
} 

@inproceedings{Fei:2010,
	author = {Fei, Hongliang and Huan, Jun},
	title = {Boosting with structure information in the functional space: an application to graph classification},
	booktitle = {Proceedings of the 16th ACM SIGKDD international conference on Knowledge discovery and data mining},
	year = {2010},
	address = {Washington, DC, USA},
	pages = {643--652},
	numpages = {10},
} 

@inproceedings{Jin:2009,
	author = {Jin, Ning and Young, Calvin and Wang, Wei},
	title = {Graph classification based on pattern co-occurrence},
	booktitle = {Proceeding of the 18th ACM conference on Information and knowledge management (CIKM)},
	year = {2009},
	address = {Hong Kong, China},
	pages = {573--582},
	numpages = {10},
} 

@inproceedings{Yan:2008,
	author = {Yan, Xifeng and Cheng, Hong and Han, Jiawei and Yu, Philip S.},
	title = {Mining significant graph patterns by leap search},
	booktitle = {Proceedings of the 2008 ACM SIGMOD international conference on Management of data},
	year = {2008},
	address = {Vancouver, Canada},
	pages = {433--444},
} 

@incollection{Kudo:2005,
	author = {Taku {Kudo} and Eisaku {Maeda} and Yuji {Matsumoto}},
	title = {An Application of Boosting to Graph Classification},
	booktitle = {Advances in Neural Information Processing Systems 17},
	editor = {Lawrence K. Saul and Yair Weiss and {L\'{e}on} Bottou},
	publisher = {MIT Press},
	address = {Cambridge, MA},
	pages = {729-736},
	year = {2005},
}

@inproceedings{Tsuda:2007,
	author = {Tsuda, Koji},
	title = {Entire regularization paths for graph data},
	booktitle = {Proceedings of the 24th International Conference on Machine learning (ICML)},
	year = {2007},
	address = {Banff, Alberta, Canada},
	pages = {919--926},
	numpages = {8},
} 

@article{Saigo:2009,
	author = {Saigo, Hiroto and Nowozin, Sebastian and Kadowaki, Tadashi and Kudo, Taku and Tsuda, Koji},
	title = {g{B}oost: a mathematical programming approach to graph classification and regression},
	journal = {Machine Learning},
	volume = {75},
	issue = {1},
	year = {2009},
	pages = {69--89},
	numpages = {21},
} 

@phdthesis{Nowozin:2009,
	author       = {Sebastian Nowozin}, 
	title        = {Learning with Structured Data: Applications to Computer Vision},
	school       = {Technical University of Berlin},
	year         = 2009
}

@inproceedings{Saigo:2008a,
	author = {Saigo, Hiroto and Kr\"{a}mer, Nicole and Tsuda, Koji},
	title = {Partial least squares regression for graph mining},
	booktitle = {Proceeding of the 14th ACM SIGKDD international conference on Knowledge discovery and data mining},
	year = {2008},
	address = {Las Vegas, Nevada, USA},
	pages = {578--586},
	numpages = {9},
} 

@inproceedings{Saigo:2008b,
	author = {Saigo, Hiroto and Tsuda, Koji},
	title = {Iterative Subgraph Mining for Principal Component Analysis},
	booktitle = {Proceedings of the 2008 Eighth IEEE International Conference on Data Mining (ICDM)},
	year = {2008},
	address = {Pisa, Italy},
	pages = {1007--1012},
	numpages = {6},
} 


@inproceedings{Tsuda:2006,
	author = {Tsuda, Koji and Kudo, Taku},
	title = {Clustering graphs by weighted substructure mining},
	booktitle = {Proceedings of the 23rd International Conference on Machine Learning (ICML)},
	year = {2006},
	address = {Pittsburgh, Pennsylvania, USA},
	pages = {953--960},
	numpages = {8},
} 

@inproceedings{Tsuda:2008,
	author = {Koji Tsuda and Kenichi Kurihara},
	title = {Graph Mining with Variational Dirichlet Process Mixture Models},
	booktitle = {Proceedings of the SIAM International Conference on Data Mining (SDM)},
	year = {2008},
	address = {Atlanta, Georgia, USA},
	pages = {432--442}
} 



%%%%
%%% optim

%%journal = {IEEE Transactions on Signal Processing},

	@article{Wright:2009,
		author = {Wright, Stephen J. and Nowak, Robert D. and Figueiredo, M\'{a}rio A. T.},
		title = {Sparse reconstruction by separable approximation},
		journal = IEEE_J_SP,
		volume = {57},
		issue = {7},
		year = {2009},
		pages = {2479--2493},
		numpages = {15},
	} 

@article{Osborne:2000,
	author = {Osborne, Michael R. and Presnell, Brett and Turlach, Berwin A.},
	journal = {Journal of Computational and Graphical Statistics},
	number = {2},
	pages = {319--337},
	title = {{On the LASSO and Its Dual}},
	volume = {9},
	year = {2000}
}

@article{Wen:2010,
	author    = {Zaiwen Wen and
		Wotao Yin and
			Donald Goldfarb and
			Yin Zhang},
	title     = {A Fast Algorithm for Sparse Reconstruction Based on Shrinkage,
		Subspace Optimization, and Continuation},
	journal   = {SIAM J. Scientific Computing},
	volume    = {32},
	number    = {4},
	year      = {2010},
	pages     = {1832-1857},
}


@article{Fukushima:1981,
	author    = {Masao Fukushima and Hisashi Mine},
	title     = {A generalized proximal point algorithm for certain non-convex minimization problems},
	journal   = {International Journal of Systems Science},
	volume    = {12},
	number    = {8},
	year      = {1981},
	pages     = {989-1000},
}


@article{Bioucas-Dias:2007,
	author    = {Jos{\'e} M. Bioucas-Dias and
		M{\'a}rio A. T. Figueiredo},
	title     = {A New TwIST: Two-Step Iterative Shrinkage/Thresholding Algorithms
		for Image Restoration},
	journal   = {IEEE Transactions on Image Processing},
	volume    = {16},
	number    = {12},
	year      = {2007},
	pages     = {2992-3004},
}

@article{Beck:2009,
	author = {Beck, Amir and Teboulle, Marc},
	title = {A Fast Iterative Shrinkage-Thresholding Algorithm for Linear Inverse Problems},
	journal = {SIAM Journal on Imaging Sciences},
	volume = {2},
	issue = {1},
	year = {2009},
	pages = {183--202},
	numpages = {20},
} 


@inproceedings{Andrew:2007,
	author = {Andrew, Galen and Gao, Jianfeng},
	title = {Scalable training of L1-regularized log-linear models},
	booktitle = {Proceedings of the 24th International Conference on Machine Learning (ICML)},
	year = {2007},
	address = {Corvalis, Oregon, USA},
	pages = {33--40},
	numpages = {8},
} 

@article{Yin:2008,
	author = {Yin, Wotao and Osher, Stanley and Goldfarb, Donald and Darbon, Jerome},
	title = {Bregman Iterative Algorithms for $\ell_1$-Minimization with Applications to Compressed Sensing},
	journal = {SIAM Journal on Imaging Sciences},
	volume = {1},
	issue = {1},
	year = {2008},
	pages = {143--168},
	numpages = {26},
} 

@article{Yu:2010,
	author = {Yu, Jin and Vishwanathan, S. V. N. and G\"{u}nter, Simon and Schraudolph, Nicol N.},
	title = {A Quasi-Newton Approach to Nonsmooth Convex Optimization Problems in Machine Learning},
	journal = {Journal of Machine Learning Research},
	issue_date = {3/1/2010},
	volume = {11},
	year = {2010},
	pages = {1145--1200},
	numpages = {56},
} 

@article{Tseng:2009,
	author = {Tseng, Paul and Yun, Sangwoon},
	title = {A coordinate gradient descent method for nonsmooth separable minimization},
	journal = {Mathematical Programming},
	volume = {117},
	issue = {1},
	year = {2009},
	pages = {387--423},
	numpages = {37},
} 

@article {Yun:2011,
	author = {Yun, Sangwoon and Toh, Kim-Chuan},
	title = {A coordinate gradient descent method for $\ell_1$-regularized convex minimization},
	journal = {Computational Optimization and Applications},
	volume = {48},
	issue = {2},
	pages = {273--307},
	year = {2011}
}

@article{Shi:2010,
	author = {Shi, Jianing and Yin, Wotao and Osher, Stanley and Sajda, Paul},
	title = {A Fast Hybrid Algorithm for Large-Scale l1-Regularized Logistic Regression},
	journal = {J. Mach. Learn. Res.},
	issue_date = {3/1/2010},
	volume = {11},
	year = {2010},
	pages = {713--741},
	numpages = {29},
} 

@article{Koh:2007,
	author = {Koh, Kwangmoo and Kim, Seung-Jean and Boyd, Stephen},
	title = {An Interior-Point Method for Large-Scale l1-Regularized Logistic Regression},
	journal = {J. Mach. Learn. Res.},
	volume = {8},
	year = {2007},
	pages = {1519--1555},
} 


@article{Donoho:2008,
	author    = {David L. Donoho and
		Yaakov Tsaig},
	title     = {Fast Solution of l$_{\mbox{1}}$-Norm Minimization Problems
		When the Solution May Be Sparse},
	journal   = {IEEE Transactions on Information Theory},
	volume    = {54},
	number    = {11},
	year      = {2008},
	pages     = {4789-4812}
}

@article{Efron:2004, 
	title={Least angle regression},
	volume={32},
	number={2}, 
	journal={Annals of Statistics}, 
	author={Efron, B and Hastie, T and Johnstone, I and Tibshirani, R}, 
	year={2004},
	pages={407-499}
}

@ARTICLE{Rosset:2007,
	author = {Saharon Rosset and Ji Zhu},
	title = {Piecewise linear regularized solution paths},
	journal = {Ann. Statist},
	year = {2007},
	pages = {1030}
}

@article{Rosset:2004,
	author = {Rosset, Saharon and Zhu, Ji and Hastie, Trevor},
	title = {Boosting as a Regularized Path to a Maximum Margin Classifier},
	journal = {J. Mach. Learn. Res.},
	volume = {5},
	year = {2004},
	pages = {941--973},
} 


@article{Chen:2001,
	author = {Chen, Scott Shaobing and Donoho, David L. and Saunders, Michael A.},
	title = {Atomic Decomposition by Basis Pursuit},
	journal = {SIAM Rev.},
	volume = {43},
	issue = {1},
	year = {2001},
	pages = {129--159},
} 

@article{Kim:2007,
	author = {Kim, Seung-Jean and Koh, K. and Lustig, M. and Boyd, S. and Gorinevsky, D.},
	journal = {Selected Topics in Signal Processing, IEEE Journal of},
	number = {4},
	pages = {606--617},
	title = {{An Interior-Point Method for Large-Scale L1-Regularized Least Squares}},
	year = {2007}
}


@article{Daubechies:2004,
	author = {Ingrid Daubechies and Michel Defrise and Christine De Mol},
	journal = {Communications on Pure and Applied Mathematics},
	number = {11},
	pages = {1413--1457},
	title = {{An iterative thresholding algorithm for linear inverse problems with a sparsity constraint}},
	volume = {57},
	year = {2004}
}

%%journal   = {IEEE Transactions on Image Processing},

	@article{Figueiredo:2003,
		author    = {M{\'a}rio A. T. Figueiredo and
			Robert D. Nowak},
		title     = {An {EM} algorithm for wavelet-based image restoration},
		journal   = IEEE_J_IP,
		volume    = {12},
		number    = {8},
		year      = {2003},
		pages     = {906-916},
	}

@article{Combettes:2005,
	author = {Combettes, Patrick L. and Wajs, Val\'{e}rie R.},
	journal = {Multiscale Modeling and Simulation},
	number = {4},
	pages = {1168--1200},
	priority = {2},
	title = {{Signal recovery by proximal forward-backward splitting}},
	volume = {4},
	year = {2005}
}


@inproceedings{Lee:2006,
	title = {Efficient {L1} Regularized Logistic Regression},
	author = {Su-In Lee and Honglak Lee and Pieter Abbeel and Andrew Y. Ng},
	booktitle = {Proceedings of the 21st National Conference on Artificial Intelligence (AAAI)},
	year = 2006,
	address = {Boston, Massachusetts, USA},
}

%% review

@incollection{Beck:2010,
	author	= "Amir Beck and Marc Teboulle",
	title	= "Gradient-Based Algorithms with Applications to Signal Recovery Problems",
	booktitle = "Convex Optimization in Signal Processing and Communications",
	editor	= "Daniel P. Palomar and Yonina C. Eldar",
	year	= "2010",
	address = "Cambridge",
	publisher ="Cambridge University Press",
	pages	="42--88"
}

@article{Hale:2008,
	title={Fixed-Point Continuation for $\ell_1$-Minimization: Methodology and Convergence},
	volume={19}, 
	number={3}, 
	journal={SIAM Journal on Optimization}, 
	author={Hale, Elaine T. and Yin, Wotao and Zhang, Yin},
	year={2008},
	pages={1107-1130}
}

@article{Yuan:2010,
	author = {Yuan, Guo-Xun and Chang, Kai-Wei and Hsieh, Cho-Jui and Lin, Chih-Jen},
	title = {A Comparison of Optimization Methods and Software for Large-scale L1-regularized Linear Classification},
	journal = {J. Mach. Learn. Res.},
	volume = {11},
	year = {2010},
	pages = {3183--3234},
	numpages = {52},
} 

@article{Figueiredo:2007,
	author = {M. A. T. Figueiredo and Robert D. Nowak and Stephen J. Wright},
	title = {Gradient Projection for Sparse Reconstruction: Application to Compressed Sensing and Other Inverse Problems},
	journal = {IEEE Journal of selected topics in signal processing},
	volume = {1},
	number = {4},
	year = {2007},
	pages = {586--597},
} 

@article{Schmidt:2009,
	author = {Mark Schmidt and Glenn Fung and Romer Rosales},
	title = {Optimization Methods for $\ell_1$-Regularization},
	journal = {UBC Technical Report},
	volume = {TR-2009-19},
	year = {2009}
} 


%% books

@Book{Bertsekas:1997,
	author = "Dimitri P. Bertsekas",
	title = "Parallel and Distributed Computation: Numerical Method",
	publisher = "Athena Scientific",
	year = 1997,
	address = "Belmont, MA",
}

@Book{Bertsekas:2009,
	author = "Dimitri P. Bertsekas",
	title = "Convex Optimization Theory",
	publisher = "Athena Scientific",
	year = 2009,
	address = "Belmont, MA",
}

@Book{Ruszczynski:2006,
	author = "Andrzej Ruszczy{\'n}ski",
	title = "Nonlinear Optimization",
	publisher = "Princeton University Press",
	year = 2006,
	address = "Princeton, NJ",
}

@Book{Rockafellar:2009,
	author = "R. Tyrrell Rockafellar and Roger J.-B. Wets",
	title = "Variational Analysis",
	publisher = "Springer",
	year = 2009,
	address = "Berlin",
}



%%%%% Intro

@article{Takigawa:2011a,
	author    = {Ichigaku Takigawa and
		Hiroshi Mamitsuka},
	title     = {Efficiently mining {$\delta$}-tolerance closed frequent
		subgraphs},
	journal   = {Machine Learning},
	volume    = {82},
	number    = {2},
	year      = {2011},
	pages     = {95-121},
	ee        = {http://dx.doi.org/10.1007/s10994-010-5215-6},
	bibsource = {DBLP, http://dblp.uni-trier.de}
}

@article{Takigawa:2011b,
	author = {Takigawa, Ichigaku AND Tsuda, Koji AND Mamitsuka, Hiroshi},
	journal = {PLoS ONE},
	publisher = {Public Library of Science},
	title = {Mining Significant Substructure Pairs for Interpreting Polypharmacology in Drug-Target Network},
	year = {2011},
	volume = {6},
	pages = {e16999},
	number = {2},
	doi = {10.1371/journal.pone.0016999}
}        

@article{Takigawa:2013,
	author    = {Ichigaku Takigawa and Hiroshi Mamitsuka},
	title     = {Graph mining: procedure, application to drug discovery and recent advances},
	journal   = {Drug Discovery Today},
	volume    = {18},
	number    = {1-2},
	year      = {2013},
	pages     = {50--57}
}

@inproceedings{Yan:2002,
	author = {Yan, Xifeng and Han, Jiawei},
	title = {g{S}pan: Graph-Based Substructure Pattern Mining},
	booktitle = {Proceedings of the 2002 IEEE International Conference on Data Mining (ICDM)},
	year = {2002},
	pages = {721--724},
	address = {Washington, DC, USA},
}

@inproceedings{Nijssen:2004,
	author = {Siegfried Nijssen and Joost N. Kok},
	title = {A Quickstart in Frequent Structure Mining can make a Difference},
	booktitle = {Proceeding of the 10th ACM SIGKDD international conference on Knowledge discovery and data mining},
	year = {2004},
	address = {Seattle, Washington, USA},
	pages = {647--652}
} 

@article{Barra:2013,
	author    = {Vincent Barra and Silvia Biasotti},
	title     = {3{D} shape retrieval using Kernels on Extended Reeb Graphs},
	journal   = {Pattern Recognition},
	volume    = {46},
	number    = {11},
	year      = {2013},
	pages     = {2985--2999}
}

@inproceedings{Bai:2014a,
	author = {Lu Bai and Luca Rossi and Horst Bunke and Edwin R. Hancock},
	title = {Attributed Graph Kernels Using the Jensen-Tsallis $q$-Differences},
	booktitle = {Proceedings of the 2014 European Conference on Machine Learning and Principles and Practice of Knowledge Discovery in Databases (ECML-PKDD 2014)},
	year = {2014},
	pages = {99--114},
	address = {Nancy, France},
}


@inproceedings{Bai:2014b,
	author = {Lu Bai and Peng Ren and Xiao Bai and Edwin R. Hancock},
	title = {A Graph Kernel from the Depth-Based Representation},
	booktitle = {Proceedings of the Joint IAPR International Workshop on Structural, Syntactic, and Statistical Pattern Recognition (S+SSPR 2014)},
	year = {2014},
	pages = {1--11},
	address = {Joensuu, Finland},
}

@incollection{Zhu:2003,
	title = {1-norm Support Vector Machines},
	author = {Ji Zhu and Saharon Rosset and Robert Tibshirani and Trevor J. Hastie},
	booktitle = {Advances in Neural Information Processing Systems 16 (NIPS 2003)},
	editor = {S. Thrun and L.K. Saul and B. Sch\"{o}lkopf},
	pages = {49--56},
	year = {2004},
	publisher = {MIT Press}
}
