@inproceedings{fssm,
  author    = {Jun Huan and
               Wei Wang and
               Jan Prins},
  title     = {Efficient Mining of Frequent Subgraphs in the Presence of Isomorphism},
  booktitle = {Proceedings of the 3rd {IEEE} International Conference on Data Mining
               {(ICDM} 2003), 19-22 December 2003, Melbourne, Florida, {USA}},
  pages     = {549--552},
  year      = {2003},
  crossref  = {DBLP:conf/icdm/2003},
  url       = {http://dx.doi.org/10.1109/ICDM.2003.1250974},
  doi       = {10.1109/ICDM.2003.1250974},
  timestamp = {Wed, 17 Sep 2014 19:34:59 +0200},
  biburl    = {http://dblp.uni-trier.de/rec/bib/conf/icdm/HuanWP03},
  bibsource = {dblp computer science bibliography, http://dblp.org}
}
@inproceedings{fsg,
  author    = {Michihiro Kuramochi and
               George Karypis},
  title     = {Frequent Subgraph Discovery},
  booktitle = {Proceedings of the 2001 {IEEE} International Conference on Data Mining,
               29 November - 2 December 2001, San Jose, California, {USA}},
  pages     = {313--320},
  year      = {2001},
  crossref  = {DBLP:conf/icdm/2001},
  url       = {http://dx.doi.org/10.1109/ICDM.2001.989534},
  doi       = {10.1109/ICDM.2001.989534},
  timestamp = {Wed, 17 Sep 2014 19:35:11 +0200},
  biburl    = {http://dblp.uni-trier.de/rec/bib/conf/icdm/KuramochiK01},
  bibsource = {dblp computer science bibliography, http://dblp.org}
}
@inproceedings{agm1,
  author    = {Akihiro Inokuchi and
               Takashi Washio and
               Hiroshi Motoda},
  title     = {An Apriori-Based Algorithm for Mining Frequent Substructures from
               Graph Data},
  booktitle = {Principles of Data Mining and Knowledge Discovery, 4th European Conference,
               {PKDD} 2000, Lyon, France, September 13-16, 2000, Proceedings},
  pages     = {13--23},
  year      = {2000},
  crossref  = {DBLP:conf/pkdd/2000},
  url       = {http://dx.doi.org/10.1007/3-540-45372-5_2},
  doi       = {10.1007/3-540-45372-5_2},
  timestamp = {Tue, 21 Jun 2011 16:41:56 +0200},
  biburl    = {http://dblp.uni-trier.de/rec/bib/conf/pkdd/InokuchiWM00},
  bibsource = {dblp computer science bibliography, http://dblp.org}
}
@article{agm2,
  author    = {Akihiro Inokuchi and
               Takashi Washio and
               Hiroshi Motoda},
  title     = {Complete Mining of Frequent Patterns from Graphs: Mining Graph Data},
  journal   = {Machine Learning},
  volume    = {50},
  number    = {3},
  pages     = {321--354},
  year      = {2003},
  url       = {http://dx.doi.org/10.1023/A:1021726221443},
  doi       = {10.1023/A:1021726221443},
  timestamp = {Thu, 26 May 2011 15:25:23 +0200},
  biburl    = {http://dblp.uni-trier.de/rec/bib/journals/ml/InokuchiWM03},
  bibsource = {dblp computer science bibliography, http://dblp.org}
}
@inproceedings{gSpan,
  author    = {Xifeng Yan and
               Jiawei Han},
  title     = {gSpan: Graph-Based Substructure Pattern Mining},
  booktitle = {Proceedings of the 2002 {IEEE} International Conference on Data Mining
               {(ICDM} 2002), 9-12 December 2002, Maebashi City, Japan},
  pages     = {721--724},
  year      = {2002},
  crossref  = {DBLP:conf/icdm/2002},
  url       = {http://dx.doi.org/10.1109/ICDM.2002.1184038},
  doi       = {10.1109/ICDM.2002.1184038},
  timestamp = {Wed, 17 Sep 2014 19:35:14 +0200},
  biburl    = {http://dblp.uni-trier.de/rec/bib/conf/icdm/YanH02},
  bibsource = {dblp computer science bibliography, http://dblp.org}
}
@inproceedings{gaston,
  author    = {Siegfried Nijssen and
               Joost N. Kok},
  title     = {A quickstart in frequent structure mining can make a difference},
  booktitle = {Proceedings of the Tenth {ACM} {SIGKDD} International Conference on
               Knowledge Discovery and Data Mining, Seattle, Washington, USA, August
               22-25, 2004},
  pages     = {647--652},
  year      = {2004},
  crossref  = {DBLP:conf/kdd/2004},
  url       = {http://doi.acm.org/10.1145/1014052.1014134},
  doi       = {10.1145/1014052.1014134},
  timestamp = {Mon, 13 Feb 2006 15:34:20 +0100},
  biburl    = {http://dblp.uni-trier.de/rec/bib/conf/kdd/NijssenK04},
  bibsource = {dblp computer science bibliography, http://dblp.org}
}

@article{wildcard,
  author    = {Heiko Hofer and
               Christian Borgelt and
               Michael R. Berthold},
  title     = {Large scale mining of molecular fragments with wildcards},
  journal   = {Intell. Data Anal.},
  volume    = {8},
  number    = {5},
  pages     = {495--504},
  year      = {2004},
  url       = {http://content.iospress.com/articles/intelligent-data-analysis/ida00184},
  timestamp = {Mon, 18 May 2015 17:23:33 +0200},
  biburl    = {http://dblp.uni-trier.de/rec/bib/journals/ida/HoferBB04},
  bibsource = {dblp computer science bibliography, http://dblp.org}
}
@inproceedings{ws1,
  author    = {Fei Xie and
               Xindong Wu and
               Xuegang Hu and
               Jun Gao and
               Dan Guo and
               Yulian Fei and
               Ertian Hua},
  title     = {Sequential Pattern Mining with Wildcards},
  booktitle = {22nd {IEEE} International Conference on Tools with Artificial Intelligence,
               {ICTAI} 2010, Arras, France, 27-29 October 2010 - Volume 1},
  pages     = {241--247},
  year      = {2010},
  crossref  = {DBLP:conf/ictai/2010-1},
  url       = {http://dx.doi.org/10.1109/ICTAI.2010.42},
  doi       = {10.1109/ICTAI.2010.42},
  timestamp = {Thu, 18 Dec 2014 16:57:41 +0100},
  biburl    = {http://dblp.uni-trier.de/rec/bib/conf/ictai/XieWHGGFH10},
  bibsource = {dblp computer science bibliography, http://dblp.org}
}
@inproceedings{ws2,
  author    = {Yu He and
               Xindong Wu and
               Xingquan Zhu and
               Abdullah N. Arslan},
  title     = {Mining Frequent Patterns with Wildcards from Biological Sequences},
  booktitle = {Proceedings of the {IEEE} International Conference on Information
               Reuse and Integration, {IRI} 2007, 13-15 August 2007, Las Vegas, Nevada,
               {USA}},
  pages     = {329--334},
  year      = {2007},
  crossref  = {DBLP:conf/iri/2007},
  url       = {http://dx.doi.org/10.1109/IRI.2007.4296642},
  doi       = {10.1109/IRI.2007.4296642},
  timestamp = {Fri, 07 Sep 2007 09:40:13 +0200},
  biburl    = {http://dblp.uni-trier.de/rec/bib/conf/iri/HeWZA07},
  bibsource = {dblp computer science bibliography, http://dblp.org}
}
@article{ws3,
  author    = {Xindong Wu and
               Xingquan Zhu and
               Yu He and
               Abdullah N. Arslan},
  title     = {{PMBC:} Pattern mining from biological sequences with wildcard constraints},
  journal   = {Comp. in Bio. and Med.},
  volume    = {43},
  number    = {5},
  pages     = {481--492},
  year      = {2013},
  url       = {http://dx.doi.org/10.1016/j.compbiomed.2013.02.006},
  doi       = {10.1016/j.compbiomed.2013.02.006},
  timestamp = {Thu, 11 Apr 2013 18:11:02 +0200},
  biburl    = {http://dblp.uni-trier.de/rec/bib/journals/cbm/WuZHA13},
  bibsource = {dblp computer science bibliography, http://dblp.org}
}
@inproceedings{graphgrep,
  author    = {Rosalba Giugno and
               Dennis Shasha},
  title     = {GraphGrep: {A} Fast and Universal Method for Querying Graphs},
  booktitle = {16th International Conference on Pattern Recognition, {ICPR} 2002,
               Quebec, Canada, August 11-15, 2002.},
  pages     = {112--115},
  year      = {2002},
  crossref  = {DBLP:conf/icpr/2002},
  url       = {http://dx.doi.org/10.1109/ICPR.2002.1048250},
  doi       = {10.1109/ICPR.2002.1048250},
  timestamp = {Mon, 06 Oct 2014 17:41:32 +0200},
  biburl    = {http://dblp.uni-trier.de/rec/bib/conf/icpr/GiugnoS02},
  bibsource = {dblp computer science bibliography, http://dblp.org}
}
@article{graphfind,
  author    = {Alfredo Ferro and
               Rosalba Giugno and
               Misael Mongiov{\`{\i}} and
               Alfredo Pulvirenti and
               Dmitry Skripin and
               Dennis Shasha},
  title     = {GraphFind: enhancing graph searching by low support data mining techniques},
  journal   = {{BMC} Bioinformatics},
  volume    = {9},
  number    = {{S-4}},
  year      = {2008},
  url       = {http://dx.doi.org/10.1186/1471-2105-9-S4-S10},
  doi       = {10.1186/1471-2105-9-S4-S10},
  timestamp = {Thu, 02 Jul 2009 10:41:20 +0200},
  biburl    = {http://dblp.uni-trier.de/rec/bib/journals/bmcbi/FerroGMPSS08},
  bibsource = {dblp computer science bibliography, http://dblp.org}
}
@inproceedings{gi,
  author    = {Stephen A. Cook},
  title     = {The Complexity of Theorem-Proving Procedures},
  booktitle = {Proceedings of the 3rd Annual {ACM} Symposium on Theory of Computing,
               May 3-5, 1971, Shaker Heights, Ohio, {USA}},
  pages     = {151--158},
  year      = {1971},
  crossref  = {DBLP:conf/stoc/STOC3},
  url       = {http://doi.acm.org/10.1145/800157.805047},
  doi       = {10.1145/800157.805047},
  timestamp = {Mon, 17 Oct 2011 17:25:06 +0200},
  biburl    = {http://dblp.uni-trier.de/rec/bib/conf/stoc/Cook71},
  bibsource = {dblp computer science bibliography, http://dblp.org}
}
@article{deltol,
  author    = {Ichigaku Takigawa and
               Hiroshi Mamitsuka},
  title     = {Efficiently mining \emph{{\(\delta\)}}-tolerance closed frequent subgraphs},
  journal   = {Machine Learning},
  volume    = {82},
  number    = {2},
  pages     = {95--121},
  year      = {2011},
  url       = {http://dx.doi.org/10.1007/s10994-010-5215-6},
  doi       = {10.1007/s10994-010-5215-6},
  timestamp = {Tue, 26 Apr 2011 09:51:55 +0200},
  biburl    = {http://dblp.uni-trier.de/rec/bib/journals/ml/TakigawaM11},
  bibsource = {dblp computer science bibliography, http://dblp.org}
}

